<?xml version="1.0" encoding="UTF-8"?><record xmlns="http://www.loc.gov/MARC21/slim" xmlns:cinclude="http://apache.org/cocoon/include/1.0" xmlns:zs="http://www.loc.gov/zing/srw/">
  <leader>00517nz  a2200145n  4500</leader>
  <controlfield tag="001">no2011009903</controlfield>
  <controlfield tag="003">DLC</controlfield>
  <controlfield tag="005">20110122075129.0</controlfield>
  <controlfield tag="008">110120n| acannaabn          |a aaa     c</controlfield>
  <datafield tag="010" ind1=" " ind2=" ">
    <subfield code="a">no2011009903</subfield>
  </datafield>
  <datafield tag="035" ind1=" " ind2=" ">
    <subfield code="a">(OCoLC)oca08744440</subfield>
  </datafield>
  <datafield tag="040" ind1=" " ind2=" ">
    <subfield code="a">MX-SnUAN</subfield>
    <subfield code="b">eng</subfield>
    <subfield code="c">MX-SnUAN</subfield>
  </datafield>
  <datafield tag="100" ind1="1" ind2=" ">
    <subfield code="a">Díaz Guzmán, Laura María</subfield>
  </datafield>
  <datafield tag="400" ind1="1" ind2=" ">
    <subfield code="a">Guzmán, Laura María Díaz</subfield>
  </datafield>
  <datafield tag="670" ind1=" " ind2=" ">
    <subfield code="a">Castellanos Suárez, José Luis. Medicina en odontología, 2002:</subfield>
    <subfield code="b">t.p. (Laura María Díaz Guzmán; Cirujano Dentista, Univ. Aut. del Edo. de Mex.)</subfield>
  </datafield>
</record>